<record><leader>00000cas a22000007a 4500</leader><controlfield tag="001">11337139</controlfield><controlfield tag="008">841101d18721874ksuwr ne      0   a0eng d</controlfield><datafield ind1=" " ind2=" " tag="010"><subfield code="a">sn 84027597 </subfield></datafield><datafield ind1=" " ind2=" " tag="040"><subfield code="a">NPU</subfield><subfield code="b">eng</subfield><subfield code="c">NPU</subfield><subfield code="d">NPT</subfield><subfield code="d">OCLCQ</subfield></datafield><datafield ind1=" " ind2=" " tag="042"><subfield code="a">msc</subfield></datafield><datafield ind1="0" ind2="0" tag="245"><subfield code="a">Holton news.</subfield></datafield><datafield ind1=" " ind2=" " tag="260"><subfield code="a">Holton, Kan. :</subfield><subfield code="b">A.W. Moore &amp; Co.,</subfield><subfield code="c">1872-</subfield></datafield><datafield ind1=" " ind2=" " tag="300"><subfield code="a">v. ;</subfield><subfield code="c">65 cm.</subfield></datafield><datafield ind1=" " ind2=" " tag="310"><subfield code="a">Weekly</subfield></datafield><datafield ind1="0" ind2=" " tag="362"><subfield code="a">Vol. 5, no. 41 (May 23, 1872)-</subfield></datafield><datafield ind1="1" ind2=" " tag="362"><subfield code="a">Ceased in 1874.</subfield><subfield code="z">Cf. Gregory, W. Amer. newspapers.</subfield></datafield><datafield ind1=" " ind2=" " tag="500"><subfield code="a">Published by A.W. Moore, Nov. 28, 1872-</subfield></datafield><datafield ind1=" " ind2=" " tag="500"><subfield code="a">"A journal devoted to the interests of Jackson county."</subfield></datafield><datafield ind1=" " ind2=" " tag="500"><subfield code="a">"An independent journal."</subfield></datafield><datafield ind1=" " ind2=" " tag="500"><subfield code="a">"Official paper of the city and county."</subfield></datafield><datafield ind1=" " ind2=" " tag="500"><subfield code="a">Published every Thursday.</subfield></datafield><datafield ind1=" " ind2=" " tag="752"><subfield code="a">United States</subfield><subfield code="b">Kansas</subfield><subfield code="c">Jackson</subfield><subfield code="d">Holton.</subfield></datafield><datafield ind1="0" ind2="0" tag="780"><subfield code="t">Jackson County news (Holton, Kan.)</subfield><subfield code="w">(DLC)sn 85029036</subfield></datafield><datafield ind1="0" ind2="7" tag="785"><subfield code="t">Holton express</subfield><subfield code="w">(DLC)sn 84027628</subfield></datafield><datafield ind1="0" ind2="7" tag="785"><subfield code="t">Holton express and Jackson County news</subfield><subfield code="w">(DLC)sn 82014458</subfield></datafield></record>